

@InProceedings{chamberlain-etal-2008,
  author = 	 {Jon Chamberlain and Massimo Poesio and Udo Kruschwitz},
  title = 	 {{P}hrase {D}etectives: A Web-based Collaborative Annotation Game},
  booktitle = {Proceedings of the International
Conference on Semantic Systems (I-Semanticsâ€™08)},
  year = 	 2008}

@Article{orkin-roy-2007,
  author = 	 {Jeff Orkin and Deb Roy},
  title = 	 {The {R}estaurant {G}ame: Learning Social Behavior and Language from Thousands of Players Online},
  journal = 	 {Journal of Game Development},
  year = 	 2007,
  volume = 	 3,
  number = 	 1,
  pages = 	 {39--60}}

@InCollection{koller-etal-2010-give1-book,
 author = {Alexander Koller and Kristina Striegnitz and Donna Byron and Justine Cassell and Robert Dale and Johanna Moore and Jon Oberlander}, 
   title  = {The {F}irst {C}hallenge on {G}enerating {I}nstructions in 
             {V}irtual {E}nvironments}, 
   year   = 2010, 
  booktitle = 	 {Empirical Methods in Natural Language Generation},
  pages = 	 {337--361},
  publisher = {Springer},
  editor = 	 {E. Krahmer and M. Theune},
  volume = 	 5790,
  series = 	 {LNCS}}

@inproceedings{striegnitz-etal-2011-give25,
  author    = {Striegnitz, Kristina  and  Denis, Alexandre  and  Gargett, Andrew  and  Garoufi, Konstantina  and  Koller, Alexander  and  Theune, Mari\"et},
  title     = {Report on the \emph{Second} {S}econd {C}hallenge on {G}enerating {I}nstructions in {V}irtual {E}nvironments {(GIVE-2.5)}},
  booktitle = {Proceedings of the Generation Challenges Session at the 13th European Workshop on Natural Language Generation},
  pages     = {270--279},
  year      = {2011},
  address   = {Nancy, France},
}
